@inproceedings{heExploringAdaptiveReconfiguration2013,
  title = {Exploring {{Adaptive Reconfiguration}} to {{Optimize Energy Efficiency}} in {{Large-Scale Battery Systems}}},
  booktitle = {2013 {{IEEE}} 34th {{Real-Time Systems Symposium}}},
  author = {He, Liang and Gu, Lipeng and Kong, Linghe and Gu, Yu and Liu, Cong and He, Tian},
  year = {2013},
  month = dec,
  pages = {118--127},
  doi = {10.1109/RTSS.2013.20}
}

@inproceedings{ilyushinAdjustingRequirementsAllowable2021,
  title = {Adjusting the {{Requirements}} to the {{Allowable Current}} and {{Voltage Error}} in {{Active Power Systems}}},
  booktitle = {2021 {{Ural-Siberian Smart Energy Conference}} ({{USSEC}})},
  author = {Ilyushin, Pavel and Kulikov, Aleksandr and Suslov, Konstantin and Sevostyanov, Aleksander},
  year = {2021},
  month = nov,
  pages = {1--6},
  doi = {10.1109/USSEC53120.2021.9655728}
}

@inproceedings{kimDependableEfficientScalable2010,
  title = {Dependable, Efficient, Scalable Architecture for Management of Large-Scale Batteries},
  booktitle = {Proceedings of the 1st {{ACM}}/{{IEEE International Conference}} on {{Cyber-Physical Systems}}},
  author = {Kim, Hahnsang and Shin, Kang G.},
  year = {2010},
  month = apr,
  series = {{{ICCPS}} '10},
  pages = {178--187},
  publisher = {{Association for Computing Machinery}},
  address = {{New York, NY, USA}},
  doi = {10.1145/1795194.1795219},
  urldate = {2023-03-23}
}

@article{kimDESADependableEfficient2012,
  title = {{{DESA}}: {{Dependable}}, {{Efficient}}, {{Scalable Architecture}} for {{Management}} of {{Large-Scale Batteries}}},
  author = {Kim, Hahnsang and Shin, Kang G.},
  year = {2012},
  month = may,
  journal = {IEEE Transactions on Industrial Informatics},
  volume = {8},
  number = {2},
  pages = {406--417},
  doi = {10.1109/TII.2011.2166771},
  lccn = {1}
}

@inproceedings{nazerianOptimalDistributionNetwork2017,
  title = {Optimal Distribution Network Reconfiguration Considering Power Quality Issues},
  booktitle = {2017 {{Smart Grid Conference}} ({{SGC}})},
  author = {Nazerian, Emad and Gharebaghi, Sina and Safdarian, Amir},
  year = {2017},
  month = dec,
  pages = {1--6},
  doi = {10.1109/SGC.2017.8308877}
}

@article{visairoReconfigurableBatteryPack2008,
  title = {A Reconfigurable Battery Pack for Improving Power Conversion Efficiency in Portable Devices},
  author = {Visairo, H. and Kumar, P.},
  year = {2008},
  month = apr,
  journal = {2008 7th International Caribbean Conference on Devices, Circuits and Systems},
  pages = {1--6},
  doi = {10.1109/ICCDCS.2008.4542628},
  urldate = {2023-03-24}
}
