

@article{desiqueiraControlStrategySmooth2021,
  author =        {{de Siqueira}, Luanna Maria Silva and Peng, Wei},
  journal =       {Journal of Energy Storage},
  month =         mar,
  pages =         {102252},
  title =         {Control Strategy to Smooth Wind Power Output Using
                   Battery Energy Storage System: {{A}} Review},
  volume =        {35},
  year =          {2021},
  doi =           {10.1016/j.est.2021.102252},
}

@article{yangBatteryEnergyStorage2018,
  author =        {Yang, Yuqing and Bremner, Stephen and Menictas, Chris and
                   Kay, Merlinde},
  journal =       {Renewable and Sustainable Energy Reviews},
  month =         aug,
  pages =         {109--125},
  title =         {Battery Energy Storage System Size Determination in
                   Renewable Energy Systems: {{A}} Review},
  volume =        {91},
  year =          {2018},
  doi =           {10.1016/j.rser.2018.03.047},
}

@article{choCommercialResearchBattery2015,
  author =        {Cho, Jaephil and Jeong, Sookyung and Kim, Youngsik},
  journal =       {Progress in Energy and Combustion Science},
  month =         jun,
  pages =         {84--101},
  title =         {Commercial and Research Battery Technologies for
                   Electrical Energy Storage Applications},
  volume =        {48},
  year =          {2015},
  doi =           {10.1016/j.pecs.2015.01.002},
}

@article{zhangDevelopmentProspectChinese2021,
  author =        {Zhang, Lihua},
  journal =       {Space: Science \& Technology},
  month =         jan,
  title =         {Development and {{Prospect}} of {{Chinese Lunar Relay
                   Communication Satellite}}},
  volume =        {2021},
  year =          {2021},
  doi =           {10.34133/2021/3471608},
}

@inproceedings{schwanbeckInternationalSpaceStation2019,
  author =        {Schwanbeck, Eugene and Dalton, Penni},
  booktitle =     {2019 {{European Space Power Conference}} ({{ESPC}})},
  month =         sep,
  pages =         {1--1},
  publisher =     {{IEEE}},
  title =         {International {{Space Station Lithium-ion Batteries}}
                   for {{Primary Electric Power System}}},
  year =          {2019},
  doi =           {10.1109/ESPC.2019.8932009},
}

@article{yangUnbalancedDischargingAging2016,
  author =        {Yang, Naixing and Zhang, Xiongwen and Shang, BinBin and
                   Li, Guojun},
  journal =       {Journal of Power Sources},
  month =         feb,
  pages =         {733--741},
  title =         {Unbalanced Discharging and Aging Due to Temperature
                   Differences among the Cells in a Lithium-Ion Battery
                   Pack with Parallel Combination},
  volume =        {306},
  year =          {2016},
  doi =           {10.1016/j.jpowsour.2015.12.079},
}

@article{fengPropagationMechanismsDiagnosis2019,
  author =        {Feng, Fei and Hu, Xiaosong and Hu, Lin and
                   Hu, Fengling and Li, Yang and Zhang, Lei},
  journal =       {Renewable and Sustainable Energy Reviews},
  month =         sep,
  pages =         {102--113},
  title =         {Propagation Mechanisms and Diagnosis of Parameter
                   Inconsistency within {{Li-Ion}} Battery Packs},
  volume =        {112},
  year =          {2019},
  doi =           {10.1016/j.rser.2019.05.042},
}

@article{jeevarajanBatterySafetyQualifications2012,
  author =        {Jeevarajan, J. A. and Winchester, C.},
  journal =       {Interface magazine},
  month =         jan,
  number =        {2},
  pages =         {51--55},
  publisher =     {{IOP Publishing}},
  title =         {Battery {{Safety Qualifications}} for {{Human
                   Ratings}}},
  volume =        {21},
  year =          {2012},
  doi =           {10.1149/2.F05122if},
}

@article{pomboHybridPowerSystem2021,
  author =        {Pombo, Daniel V{\'a}zquez},
  journal =       {Space: Science \& Technology},
  month =         jan,
  publisher =     {{AAAS}},
  title =         {A {{Hybrid Power System}} for a {{Permanent Colony}}
                   on {{Mars}}},
  volume =        {2021},
  year =          {2021},
  doi =           {10.34133/2021/9820546},
}

@article{hanNextGenerationBatteryManagement2020a,
  author =        {Han, Weiji and Wik, Torsten and Kersten, Anton and
                   Dong, Guangzhong and Zou, Changfu},
  journal =       {IEEE Industrial Electronics Magazine},
  month =         dec,
  number =        {4},
  pages =         {20--31},
  title =         {Next-{{Generation Battery Management Systems}}:
                   {{Dynamic Reconfiguration}}},
  volume =        {14},
  year =          {2020},
  doi =           {10.1109/MIE.2020.3002486},
}

@inproceedings{visairoReconfigurableBatteryPack2008,
  author =        {Visairo, H. and Kumar, P.},
  booktitle =     {2008 7th {{International Caribbean Conference}} on
                   {{Devices}}, {{Circuits}} and {{Systems}}},
  month =         apr,
  pages =         {1--6},
  publisher =     {{IEEE}},
  title =         {A Reconfigurable Battery Pack for Improving Power
                   Conversion Efficiency in Portable Devices},
  year =          {2008},
  doi =           {10.1109/ICCDCS.2008.4542628},
}

@inproceedings{heExploringAdaptiveReconfiguration2013,
  author =        {He, Liang and Gu, Lipeng and Kong, Linghe and Gu, Yu and
                   Liu, Cong and He, Tian},
  booktitle =     {2013 {{IEEE}} 34th {{Real-Time Systems Symposium}}},
  month =         dec,
  pages =         {118--127},
  title =         {Exploring {{Adaptive Reconfiguration}} to {{Optimize
                   Energy Efficiency}} in {{Large-Scale Battery
                   Systems}}},
  year =          {2013},
  doi =           {10.1109/RTSS.2013.20},
}

@article{hongwenheStateofChargeEstimationLithiumIon2011,
  author =        {Hongwen He and Rui Xiong and Xiaowei Zhang and
                   Fengchun Sun and JinXin Fan},
  journal =       {IEEE Transactions on Vehicular Technology},
  month =         may,
  number =        {4},
  pages =         {1461--1469},
  title =         {State-of-{{Charge Estimation}} of the {{Lithium-Ion
                   Battery Using}} an {{Adaptive Extended Kalman Filter
                   Based}} on an {{Improved Thevenin Model}}},
  volume =        {60},
  year =          {2011},
  doi =           {10.1109/TVT.2011.2132812},
}

@article{mousavig.VariousBatteryModels2014,
  author =        {Mousavi G., S.M. and Nikdel, M.},
  journal =       {Renewable and Sustainable Energy Reviews},
  month =         apr,
  pages =         {477--485},
  title =         {Various Battery Models for Various Simulation Studies
                   and Applications},
  volume =        {32},
  year =          {2014},
  doi =           {10.1016/j.rser.2014.01.048},
}

@article{lawsonSoftwareConfigurableBattery2012,
  author =        {Lawson, Barrie},
  journal =       {EVS26 International Battery, Hybrid and Fuel Cell
                   Electric Vehicle Symposium},
  title =         {A {{Software Configurable Battery}}},
  year =          {2012},
}

@inproceedings{ciNovelDesignAdaptive2007,
  author =        {Ci, Song and Zhang, Jiucai and Sharif, Hamid and
                   Alahmad, Mahmoud},
  booktitle =     {{{IEEE GLOBECOM}} 2007-2007 {{IEEE Global
                   Telecommunications Conference}}},
  month =         nov,
  pages =         {1043--1047},
  title =         {A {{Novel Design}} of {{Adaptive Reconfigurable
                   Multicell Battery}} for {{Power-Aware Embedded
                   Networked Sensing Systems}}},
  year =          {2007},
  doi =           {10.1109/GLOCOM.2007.201},
}

@article{alahmadBatterySwitchArray2008,
  author =        {Alahmad, Mahmoud and Hess, Herb and
                   Mojarradi, Mohammad and West, William and
                   Whitacre, Jay},
  journal =       {Journal of Power Sources},
  month =         mar,
  number =        {2},
  pages =         {566--578},
  title =         {Battery Switch Array System with Application for
                   {{JPL}}'s Rechargeable Micro-Scale Batteries},
  volume =        {177},
  year =          {2008},
  doi =           {10.1016/j.jpowsour.2007.11.053},
}

@inproceedings{kimDependableEfficientScalable2010b,
  address =       {{New York, NY, USA}},
  author =        {Kim, Hahnsang and Shin, Kang G.},
  booktitle =     {Proceedings of the 1st {{ACM}}/{{IEEE International
                   Conference}} on {{Cyber-Physical Systems}}},
  month =         apr,
  pages =         {178--187},
  publisher =     {{Association for Computing Machinery}},
  series =        {{{ICCPS}} '10},
  title =         {Dependable, Efficient, Scalable Architecture for
                   Management of Large-Scale Batteries},
  year =          {2010},
  doi =           {10.1145/1795194.1795219},
}

@inproceedings{kimBalancedReconfigurationStorage2011a,
  author =        {Kim, Younghyun and Park, Sangyoung and Wang, Yanzhi and
                   Xie, Qing and Chang, Naehyuck and Poncino, Massimo and
                   Pedram, Massoud},
  booktitle =     {2011 {{IEEE}}/{{ACM International Conference}} on
                   {{Computer-Aided Design}} ({{ICCAD}})},
  month =         nov,
  pages =         {624--631},
  title =         {Balanced Reconfiguration of Storage Banks in a Hybrid
                   Electrical Energy Storage System},
  year =          {2011},
  doi =           {10.1109/ICCAD.2011.6105395},
}

@inproceedings{taesickimSeriesconnectedSelfreconfigurableMulticell2012a,
  author =        {Taesic Kim and Wei Qiao and Liyan Qu},
  booktitle =     {2012 {{Twenty-Seventh Annual IEEE Applied Power
                   Electronics Conference}} and {{Exposition}}
                   ({{APEC}})},
  month =         feb,
  pages =         {2259--2264},
  title =         {A Series-Connected Self-Reconfigurable Multicell
                   Battery Capable of Safe and Effective
                   Charging/Discharging and Balancing Operations},
  year =          {2012},
  doi =           {10.1109/APEC.2012.6166137},
}

@inproceedings{6843711,
  author =        {He, Liang and Kong, Linghe and Lin, Siyu and
                   Ying, Shaodong and Gu, Yu and He, Tian and Liu, Cong},
  booktitle =     {2014 {{ACM}}/{{IEEE International Conference}} on
                   {{Cyber-Physical Systems}} ({{ICCPS}})},
  month =         apr,
  pages =         {60--71},
  title =         {Reconfiguration-Assisted Charging in Large-Scale
                   {{Lithium-ion}} Battery Systems},
  year =          {2014},
  doi =           {10.1109/ICCPS.2014.6843711},
}

@article{chenSneakCircuitTheory2021,
  title = {Sneak {{Circuit Theory Based Approach}} to {{Avoiding Short-Circuit Paths}} in {{Reconfigurable Battery Systems}}},
  author = {Chen, Si-Zhe and Wang, Yule and Zhang, Guidong and Chang, Le and Zhang, Yun},
  year = {2021},
  journal = {IEEE Transactions on Industrial Electronics},
  volume = {68},
  number = {12},
  pages = {12353--12363},
  issn = {0278-0046},
  doi = {10.1109/TIE.2020.3044805},
  eventtitle = {{{IEEE Transactions}} on {{Industrial Electronics}}},
}

@article{10.1145/321694.321699,
author = {Edmonds, Jack and Karp, Richard M.},
title = {Theoretical Improvements in Algorithmic Efficiency for Network Flow Problems},
year = {1972},
issue_date = {April 1972},
publisher = {Association for Computing Machinery},
address = {New York, NY, USA},
volume = {19},
number = {2},
issn = {0004-5411},
url = {https://doi.org/10.1145/321694.321699},
doi = {10.1145/321694.321699},
journal = {J. ACM},
month = {apr},
pages = {248–264},
numpages = {17},
}

@article{doi:10.1137/0204043,
author = {Even, Shimon and Tarjan, R. Endre},
title = {Network Flow and Testing Graph Connectivity},
journal = {SIAM Journal on Computing},
volume = {4},
number = {4},
pages = {507-518},
year = {1975},
doi = {10.1137/0204043},
}

@inproceedings{ci2007novel,
  title={A novel design of adaptive reconfigurable multicell battery for power-aware embedded networked sensing systems},
  author={Ci, Song and Zhang, Jiucai and Sharif, Hamid and Alahmad, Mahmoud},
  booktitle={IEEE GLOBECOM 2007-IEEE Global Telecommunications Conference},
  pages={1043--1047},
  year={2007},
  organization={IEEE}
}

@INPROCEEDINGS{9209774,
  author={Engelhardt, Jan and Gabderakhmanova, Tatiana and Rohde, Gunnar and Marinelli, Mattia},
  booktitle={2020 55th International Universities Power Engineering Conference (UPEC)}, 
  title={Reconfigurable Stationary Battery with Adaptive Cell Switching for Electric Vehicle Fast-Charging}, 
  year={2020},
  volume={},
  number={},
  pages={1-6},
  doi={10.1109/UPEC49904.2020.9209774}}

@article{engelhardt2021double,
  title={Double-string battery system with reconfigurable cell topology operated as a fast charging station for electric vehicles},
  author={Engelhardt, Jan and Zepter, Jan Martin and Gabderakhmanova, Tatiana and Rohde, Gunnar and Marinelli, Mattia},
  journal={Energies},
  volume={14},
  number={9},
  pages={2414},
  year={2021},
  publisher={MDPI}
}

@inproceedings{he2014reconfiguration,
  title={Reconfiguration-assisted charging in large-scale lithium-ion battery systems},
  author={He, Liang and Kong, Linghe and Lin, Siyu and Ying, Shaodong and Gu, Yu and He, Tian and Liu, Cong},
  booktitle={2014 ACM/IEEE International Conference on Cyber-Physical Systems (ICCPS)},
  pages={60--71},
  year={2014},
  organization={IEEE}
}

@inproceedings{kim2009dynamic,
  title={On dynamic reconfiguration of a large-scale battery system},
  author={Kim, Hahnsang and Shin, Kang G},
  booktitle={2009 15th IEEE Real-Time and Embedded Technology and Applications Symposium},
  pages={87--96},
  year={2009},
  organization={IEEE}
}

@article{han2021analysis,
  title={Analysis and estimation of the maximum switch current during battery system reconfiguration},
  author={Han, Weiji and Kersten, Anton and Zou, Changfu and Wik, Torsten and Huang, Xiaoliang and Dong, Guangzhong},
  journal={IEEE Transactions on Industrial Electronics},
  volume={69},
  number={6},
  pages={5931--5941},
  year={2021},
  publisher={IEEE}
}

@inproceedings{lotfi2017li,
  title={Li-ion battery state of health estimation based on an improved single particle model},
  author={Lotfi, Nima and Li, Jie and Landers, Robert G and Park, Jonghyun},
  booktitle={2017 American Control Conference (ACC)},
  pages={86--91},
  year={2017},
  organization={IEEE}
}