@article{choCommercialResearchBattery2015,
  title = {Commercial and Research Battery Technologies for Electrical Energy Storage Applications},
  author = {Cho, Jaephil and Jeong, Sookyung and Kim, Youngsik},
  year = {2015},
  month = jun,
  journal = {Progress in Energy and Combustion Science},
  volume = {48},
  pages = {84--101},
  doi = {10.1016/j.pecs.2015.01.002},
  urldate = {2023-03-29},
  langid = {english},
  lccn = {1}
}

@article{desiqueiraControlStrategySmooth2021,
  title = {Control Strategy to Smooth Wind Power Output Using Battery Energy Storage System: {{A}} Review},
  author = {{de Siqueira}, Luanna Maria Silva and Peng, Wei},
  year = {2021},
  month = mar,
  journal = {Journal of Energy Storage},
  volume = {35},
  pages = {102252},
  doi = {10.1016/j.est.2021.102252},
  urldate = {2023-03-29},
  langid = {english},
  lccn = {2}
}

@article{fengPropagationMechanismsDiagnosis2019,
  title = {Propagation Mechanisms and Diagnosis of Parameter Inconsistency within {{Li-Ion}} Battery Packs},
  author = {Feng, Fei and Hu, Xiaosong and Hu, Lin and Hu, Fengling and Li, Yang and Zhang, Lei},
  year = {2019},
  month = sep,
  journal = {Renewable and Sustainable Energy Reviews},
  volume = {112},
  pages = {102--113},
  doi = {10.1016/j.rser.2019.05.042},
  langid = {english}
}

@article{hanNextGenerationBatteryManagement2020a,
  title = {Next-{{Generation Battery Management Systems}}: {{Dynamic Reconfiguration}}},
  author = {Han, Weiji and Wik, Torsten and Kersten, Anton and Dong, Guangzhong and Zou, Changfu},
  year = {2020},
  month = dec,
  journal = {IEEE Industrial Electronics Magazine},
  volume = {14},
  number = {4},
  pages = {20--31},
  doi = {10.1109/MIE.2020.3002486},
  urldate = {2023-03-29},
  lccn = {1}
}

@inproceedings{heExploringAdaptiveReconfiguration2013,
  title = {Exploring {{Adaptive Reconfiguration}} to {{Optimize Energy Efficiency}} in {{Large-Scale Battery Systems}}},
  booktitle = {2013 {{IEEE}} 34th {{Real-Time Systems Symposium}}},
  author = {He, Liang and Gu, Lipeng and Kong, Linghe and Gu, Yu and Liu, Cong and He, Tian},
  year = {2013},
  month = dec,
  pages = {118--127},
  doi = {10.1109/RTSS.2013.20}
}

@inproceedings{heReconfigurationassistedChargingLargescale2014,
  title = {Reconfiguration-Assisted Charging in Large-Scale {{Lithium-ion}} Battery Systems},
  booktitle = {2014 {{ACM}}/{{IEEE International Conference}} on {{Cyber-Physical Systems}} ({{ICCPS}})},
  author = {He, Liang and Kong, Linghe and Lin, Siyu and Ying, Shaodong and Gu, Yu and He, Tian and Liu, Cong},
  year = {2014},
  month = apr,
  pages = {60--71},
  publisher = {{IEEE}},
  doi = {10.1109/ICCPS.2014.6843711}
}

@inproceedings{ilyushinAdjustingRequirementsAllowable2021,
  title = {Adjusting the {{Requirements}} to the {{Allowable Current}} and {{Voltage Error}} in {{Active Power Systems}}},
  booktitle = {2021 {{Ural-Siberian Smart Energy Conference}} ({{USSEC}})},
  author = {Ilyushin, Pavel and Kulikov, Aleksandr and Suslov, Konstantin and Sevostyanov, Aleksander},
  year = {2021},
  month = nov,
  pages = {1--6},
  doi = {10.1109/USSEC53120.2021.9655728}
}

@inproceedings{karandehTwoStageAlgorithmOptimal2019,
  title = {A {{Two-Stage Algorithm}} for {{Optimal Scheduling}} of {{Battery Energy Storage Systems}} for {{Peak-Shaving}}},
  booktitle = {2019 {{North American Power Symposium}} ({{NAPS}})},
  author = {Karandeh, Roozbeh and Lawanson, Tumininu and Cecchi, Valentina},
  year = {2019},
  month = oct,
  pages = {1--6},
  doi = {10.1109/NAPS46351.2019.9000211}
}

@inproceedings{kimBalancedReconfigurationStorage2011,
  title = {Balanced Reconfiguration of Storage Banks in a Hybrid Electrical Energy Storage System},
  booktitle = {2011 {{IEEE}}/{{ACM International Conference}} on {{Computer-Aided Design}} ({{ICCAD}})},
  author = {Kim, Younghyun and Park, Sangyoung and Wang, Yanzhi and Xie, Qing and Chang, Naehyuck and Poncino, Massimo and Pedram, Massoud},
  year = {2011},
  month = nov,
  pages = {624--631},
  publisher = {{IEEE}},
  doi = {10.1109/ICCAD.2011.6105395}
}

@inproceedings{kimDependableEfficientScalable2010,
  title = {Dependable, Efficient, Scalable Architecture for Management of Large-Scale Batteries},
  booktitle = {Proceedings of the 1st {{ACM}}/{{IEEE International Conference}} on {{Cyber-Physical Systems}}},
  author = {Kim, Hahnsang and Shin, Kang G.},
  year = {2010},
  month = apr,
  series = {{{ICCPS}} '10},
  pages = {178--187},
  publisher = {{Association for Computing Machinery}},
  address = {{New York, NY, USA}},
  doi = {10.1145/1795194.1795219},
  urldate = {2023-03-23}
}

@article{kimDESADependableEfficient2012,
  title = {{{DESA}}: {{Dependable}}, {{Efficient}}, {{Scalable Architecture}} for {{Management}} of {{Large-Scale Batteries}}},
  author = {Kim, Hahnsang and Shin, Kang G.},
  year = {2012},
  month = may,
  journal = {IEEE Transactions on Industrial Informatics},
  volume = {8},
  number = {2},
  pages = {406--417},
  doi = {10.1109/TII.2011.2166771},
  lccn = {1}
}

@article{lawsonSoftwareConfigurableBattery2012,
  title = {A {{Software Configurable Battery}}},
  author = {Lawson, Barrie},
  year = {2012},
  journal = {EVS26 International Battery, Hybrid and Fuel Cell Electric Vehicle Symposium},
  langid = {english}
}

@article{lundReviewEnergySystem2015,
  title = {Review of Energy System Flexibility Measures to Enable High Levels of Variable Renewable Electricity},
  author = {Lund, Peter D. and Lindgren, Juuso and Mikkola, Jani and Salpakari, Jyri},
  year = {2015},
  month = may,
  journal = {Renewable and Sustainable Energy Reviews},
  volume = {45},
  number = {C},
  pages = {785--807},
  doi = {10.1016/j.rser.2015.01.057},
  urldate = {2023-03-29},
  langid = {english}
}

@inproceedings{nazerianOptimalDistributionNetwork2017,
  title = {Optimal Distribution Network Reconfiguration Considering Power Quality Issues},
  booktitle = {2017 {{Smart Grid Conference}} ({{SGC}})},
  author = {Nazerian, Emad and Gharebaghi, Sina and Safdarian, Amir},
  year = {2017},
  month = dec,
  pages = {1--6},
  doi = {10.1109/SGC.2017.8308877}
}

@inproceedings{taesickimSeriesconnectedSelfreconfigurableMulticell2012,
  title = {A Series-Connected Self-Reconfigurable Multicell Battery Capable of Safe and Effective Charging/Discharging and Balancing Operations},
  booktitle = {2012 {{Twenty-Seventh Annual IEEE Applied Power Electronics Conference}} and {{Exposition}} ({{APEC}})},
  author = {Taesic Kim and Wei Qiao and Liyan Qu},
  year = {2012},
  month = feb,
  pages = {2259--2264},
  doi = {10.1109/APEC.2012.6166137}
}

@article{visairoReconfigurableBatteryPack2008,
  title = {A Reconfigurable Battery Pack for Improving Power Conversion Efficiency in Portable Devices},
  author = {Visairo, H. and Kumar, P.},
  year = {2008},
  month = apr,
  journal = {2008 7th International Caribbean Conference on Devices, Circuits and Systems},
  pages = {1--6},
  doi = {10.1109/ICCDCS.2008.4542628},
  urldate = {2023-03-24}
}

@article{yangBatteryEnergyStorage2018,
  title = {Battery Energy Storage System Size Determination in Renewable Energy Systems: {{A}} Review},
  author = {Yang, Yuqing and Bremner, Stephen and Menictas, Chris and Kay, Merlinde},
  year = {2018},
  month = aug,
  journal = {Renewable and Sustainable Energy Reviews},
  volume = {91},
  pages = {109--125},
  doi = {10.1016/j.rser.2018.03.047},
  urldate = {2023-03-29},
  langid = {english}
}

@article{yangEnantioselectiveAerobicOxidative2020,
  title = {Enantioselective Aerobic Oxidative Cross-Dehydrogenative Coupling of Glycine Derivatives with Ketones and Aldehydes {\emph{via}} Cooperative Photoredox Catalysis and Organocatalysis},
  author = {Yang, Xiaorong and Xie, Zhixiang and Li, Ying and Zhang, Yuan},
  year = {2020},
  month = may,
  journal = {Chemical Science},
  volume = {11},
  number = {18},
  pages = {4741--4746},
  doi = {10.1039/D0SC00683A},
  urldate = {2023-03-29},
  langid = {english},
  lccn = {1}
}

@article{yangUnbalancedDischargingAging2016,
  title = {Unbalanced Discharging and Aging Due to Temperature Differences among the Cells in a Lithium-Ion Battery Pack with Parallel Combination},
  author = {Yang, Naixing and Zhang, Xiongwen and Shang, BinBin and Li, Guojun},
  year = {2016},
  month = feb,
  journal = {Journal of Power Sources},
  volume = {306},
  pages = {733--741},
  doi = {10.1016/j.jpowsour.2015.12.079},
  urldate = {2023-03-29},
  langid = {english},
  lccn = {2}
}
